% http://www.ri.cmu.edu/publication_view.html?pub_id=22
% Capítulo 5 é onde está descrito o operador de Moravec
@InCollection{moravec,
  author = 	 {H. Moravec},
  title = 	 {{Obstacle Avoidance and Navigation in the Real World by a Seeing Robot Rover}},
  booktitle = 	 {Technical Report CMU-RI-TR-80-03, Robotics Institute, Carnegie Mellon University \& doctoral dissertaion, Stanford University},
  year =         {1980},
}

@InProceedings{harris,
  author = 	 {C. Harris and M. Stephens},
  title =        {{A Combined Corner and Edge Detector}},
  booktitle =    {Alvey Vision Conference},
  pages =        {147 -- 151},
  year = 	 {1988},
}

@Article{detectors,
  author =       {C. Schmid and R. Mohr and C. Bacukhage},
  title =        {{Evaluation of Interest Point Detectors}},
  journal =      {International Journal of Computer Vision},
  year =         {2000},
  volume =       {37},
  publisher =    {Kluwer Academic Publishers},
}

@InProceedings{statharris,
  author =       {U. Orguner and F. Gustafsson},
  title =        {{Statistical Characteristics of Harris Corner Detector}},
  booktitle =    {Statistical Signal Processing},
  year =         {2007},
  pages =        {571--575}
}
